@article{dehghani2023distributed,
  author = {Dehghani, Mohammad and Yazdanparast, Zohreh},
  title = {From distributed machine to distributed deep learning: a comprehensive survey},
  journal = {Journal of Big Data},
  volume = {10},
  pages = {1--30},
  year = {2023},
  publisher = {Springer},
  doi = {10.1186/s40537-023-00829-x}
}

@article{wang2024distributed,
  author = {Wang, Shikai and Zheng, Haotian and Wen, Xin and Shang, Fu},
  title = {Distributed High-Performance Computing Methods for Accelerating Deep Learning Training},
  journal = {Journal of Knowledge Learning and Science Technology},
  volume = {3},
  number = {3},
  pages = {108--126},
  year = {2024},
  doi = {10.60087/jklst.v3.n3.p108-126}
}

@article{kang2017neurosurgeon,
  author = {Kang, Yiping and Hauswald, Johann and Gao, Cao and Wu, Austin and Gu, T. and Mudge, Trevor and Dreslinski, Ron and Mars, Jason},
  title = {Neurosurgeon: Collaborative Intelligence Between the Cloud and Mobile Edge},
  journal = {ACM SIGARCH Computer Architecture News},
  volume = {45},
  number = {1},
  pages = {615--629},
  year = {2017},
  publisher = {ACM},
  doi = {10.1145/3037697.3037698}
}

@article{shi2016edge,
  author = {Shi, Weisong and Cao, Jie and Zhang, Quan and Li, Youhuizi and Xu, Lanyu},
  title = {Edge Computing: Vision and Challenges},
  journal = {IEEE Internet of Things Journal},
  volume = {3},
  number = {5},
  pages = {637--646},
  year = {2016},
  publisher = {IEEE},
  doi = {10.1109/JIOT.2016.2574538}
}

@misc{aws_sagemaker,
  author = {{Amazon Web Services}},
  title = {Amazon SageMaker Documentation},
  howpublished = {\url{https://docs.aws.amazon.com/sagemaker/}},
  year = {2023},
  note = {Accessed: 2025-05-10}
}

@article{he2016deep,
  author = {He, Kaiming and Zhang, Xiangyu and Ren, Shaoqing and Sun, Jian},
  title = {Deep Residual Learning for Image Recognition},
  journal = {IEEE Conference on Computer Vision and Pattern Recognition (CVPR)},
  year = {2016},
  pages = {770--778},
  publisher = {IEEE},
  doi = {10.1109/CVPR.2016.90}
}

@article{teerapittayanon2017distributed,
  author = {Teerapittayanon, Surat and McDanel, Bradley and Kung, H.T.},
  title = {Distributed Deep Neural Networks Over the Cloud, the Edge, and End Devices},
  journal = {IEEE 37th International Conference on Distributed Computing Systems (ICDCS)},
  year = {2017},
  pages = {328--339},
  publisher = {IEEE},
  doi = {10.1109/ICDCS.2017.94}
}

@article{li2020edge,
  author = {Li, En and Zeng, Liekang and Zhou, Zhi and Chen, Xu},
  title = {Edge AI: On-Demand Accelerating Deep Neural Network Inference via Edge Computing},
  journal = {IEEE Transactions on Computers},
  volume = {69},
  number = {1},
  pages = {1--14},
  year = {2020},
  publisher = {IEEE},
  doi = {10.1109/TC.2019.2948602}
}